2850 4625
337 444 664 531 squalore
717 444 1124 527 confectus,
1176 450 1511 534 promissa
1546 448 1761 521 barba
1780 492 1801 529 ,
1848 446 2165 517 horrenti
2207 445 2431 531 capil-

253 614 260 625 ,
334 542 411 619 lo
453 586 474 623 ,
543 542 866 609 cruribus
923 547 1298 629 compedes
1334 591 1355 626 ,
1411 548 1735 615 manibus
1790 560 2067 625 catenas
2132 536 2437 632 gerebat

334 638 860 727 quatiebatque.
952 641 1123 707 Inde
1180 643 1733 711 inhabitantibus
1784 647 2013 713 tristes
2080 644 2427 728 diraeque

329 752 576 805 noctes
625 761 756 825 pcr
808 752 1074 805 metum
1125 741 1593 829 vigilabantur
1622 762 1645 803 t
1693 742 2006 831 vigiliam
2064 742 2351 808 morbus
2406 788 2429 823 ,

331 850 444 911 et,
495 850 857 904 crescente
891 836 1310 920 formidine,
1349 862 1537 906 mors
1586 838 2034 925 sequebatur.
2100 836 2278 905 Nam
2315 842 2433 908 in·

327 936 565 1033 terdiu
598 956 933 1022 quoque,
985 958 1411 1024 quamquam
1476 940 1901 1007 abscesserat
1950 938 2225 1027 imago,
2280 960 2435 1007 me·

327 1034 551 1101 moria
579 1034 908 1125 ⁸imaginis
941 1034 1165 1102 oculis
1204 1036 1600 1117 inerrabat,
1630 1036 2057 1125 longiorque
2096 1038 2319 1125 causis
2344 1036 2436 1101 ti-

327 1142 694 1207 morerat.
729 1133 1013 1199 Deserta
1043 1136 1218 1201 inde
1257 1144 1327 1199 et
1359 1134 1685 1201 damnata
1724 1132 2114 1201 solitudine
2149 1134 2439 1216 domus,
2519 1170 2532 1181 ·

327 1244 620 1317 totaque
673 1231 787 1297 illi
835 1244 1148 1299 monstro
1187 1232 1487 1301 -relictaz
1538 1232 2113 1320 proscribebatur
2146 1244 2391 1315 umen
2410 1276 2435 1312 ,

327 1350 458 1397 acu
517 1328 676 1415 quis
725 1350 1001 1412 emere,
1049 1354 1176 1399 seu
1219 1331 1394 1418 =quis
1450 1333 1881 1411 conducere,
1929 1332 2215 1420 ignarus
2248 1331 2435 1395 tanti

335 1428 548 1508 mali,
597 1426 838 1499 vellet.
892 1430 1108 1501 Venit
1141 1432 1449 1497 Athenas
1496 1426 1957 1519 'philosophus
2008 1428 2431 1498 Athenodo-

218 1555 225 1561 ·
325 1550 494 1607 rus,
541 1526 720 1618 legit
767 1528 1094 1595 titulum=
1139 1528 1533 1614 auditoque
1583 1528 1855 1615 pretio,
1904 1528 2069 1615 quia
2106 1538 2433 1611 suspecta

325 1626 576 1707 vilitas,
611 1637 1134 1712 percunctatus,
1173 1628 1406 1693 omnia
1441 1624 1775 1707 docetur,
1810 1648 1893 1693 ac
1942 1624 2433 1703 nihilominus,

327 1724 478 1790 imo
501 1738 690 1789 tanto
727 1724 944 1815 magis
987 1724 1343 1803 conducit.
1395 1725 1539 1792 Ubi
1578 1726 1817 1813 coepit
1850 1724 2429 1811 advesperascere

325 1822 531 1903 jubet
572 1818 790 1887 sterni
847 1820 988 1889 sibi
1035 1820 1111 1886 in
1159 1822 1386 1909 prima
1445 1822 1695 1890 domus
1744 1836 1986 1911 parte,
2034 1822 2260 1909 poscit
2298 1840 2429 1907 pu·

331 1918 619 2010 gillares
659 1964 680 2001 ‚
748 1920 1006 2006 stylum
1035 1963 1058 1999 ,
1110 1920 1399 1992 lumen?
1447 1941 1608 1987 suos
1664 1943 1906 1989 omnes
1954 1923 2033 1985 in
2093 1918 2427 1985 interiora

331 2017 664 2097 dimittit,
713 2016 866 2105 ipsc
917 2017 1004 2085 ad
1035 2017 1528 2102 scribendum,
1564 2021 1917 2101 animum,
1966 2018 2233 2096 oculoS‚
2282 2038 2429 2083 ma·

324 2138 505 2183 num
559 2116 906 2193 intendit,
978 2138 1070 2182 ne
1121 2138 1336 2185 vacua
1385 2139 1585 2185 mens
1636 2120 1871 2187 audita
1928 2115 2300 2185 simulacra
2358 2125 2426 2177 ct

325 2214 576 2283 inanes
623 2214 761 2281 sibi
793 2228 1020 2283 metus
1051 2217 1371 2305 fingeret.
1423 2216 1454 2282 1
1462 2216 1678 2309 nitio,
1728 2216 1941 2303 quale
1970 2212 2297 2297 ubique„
2338 2212 2425 2276 si-

255 2323 276 2342 ⁰
329 2315 636 2406 lentium
675 2313 920 2394 nocti&
959 2316 1222 2383 deinde
1259 2317 1553 2384 concuti
1592 2317 1897 2390 ferrum,
1950 2313 2236 2378 vincula
2274 2329 2423 2374 ruo-

327 2412 506 2480 veri.
561 2411 705 2481 tue,
729 2432 872 2484 non
913 2415 1170 2487 tollere
1217 2415 1501 2494 oculos,
1550 2436 1697 2481 non
1732 2410 2089 2476 remittere
2138 2407 2421 2493 stylum,

333 2509 464 2576 scd
501 2507 872 2580 obfirmare
907 2514 1242 2594 animum,
1272 2510 1703 2596 auribusque
1738 2507 2242 2596 praetenderet
2274 2519 2427 2572 tum

333 2607 786 2678 crebrescere
835 2608 1108 2700 fragor,
1171 2610 1544 2676 adventare
1598 2607 1854 2685 etiam,
1906 2617 1977 2670 et
2026 2606 2168 2686 jam
2221 2619 2297 2670 ut
2348 2602 2425 2668 in

331 2705 626 2787 limine,
671 2709 814 2788 jam
863 2720 940 2773 ut
991 2706 1172 2773 intra
1217 2706 1438 2771 limen
1493 2699 1757 2771 audiri:
1808 2703 2135 2788 respicit,
2186 2703 2377 2768 videt
2404 2746 2428 2781 ,-

337 2806 794 2896 aguoseitquc
848 2817 1192 2870 narratam
1224 2801 1360 2869 sibi
1409 2803 1742 2894 effigiem.
1796 2799 2024 2868 Stabat
2052 2802 2426 2868 innuebat·

336 2925 480 2991 que
529 2903 798 2994 digito,
869 2899 1117 2970 similis
1164 2904 1483 2968 vocanti:
1532 2901 1651 2968 hic
1702 2914 1985 2979 contra,
2022 2912 2102 2964 ut
2148 2894 2425 2984 paullu-

331 3004 489 3070 lum
547 3012 974 3088 exspectaret
1004 3045 1025 3079 ,
1097 3023 1312 3068 manu
1359 3001 1738 3090 significat,
1806 2995 2186 3081 rursusque
2244 2993 2425 3059 ceris

342 3115 412 3167 et
461 3101 642 3188 stylo
677 3099 1060 3168 incumbit:
1109 3099 1234 3171 ma
1267 3099 1641 3170 scribentis
1694 3097 1912 3186 capiti
1944 3094 2205 3164 catenis
2238 3094 2427 3160 inso-
