2850 4625
1137 290 1461 355 ...66
1606 324 1699 339 ....

347 534 358 549 ,
406 500 483 543 rc
513 477 831 539 animum
887 478 1070 539 lusu
1089 474 1575 551 calculorum,
1636 474 1866 539 solere
1906 490 2224 561 spectare
2263 488 2507 559 panto·

405 577 652 643 mimos
687 596 872 639 suos·
925 568 1054 639 sed
1097 594 1318 653 quum
1345 571 1615 638 factura
1656 584 1833 637 esset
1860 575 2302 652 alterutrum,
2333 594 2509 637 sem·

407 695 532 760 per
585 693 658 737 se
705 672 955 759 nepoti
990 692 1116 733 suo
1169 667 1653 753 praecepisse,
1706 658 1974 750 abiret,
2014 674 2507 756 studet-etque:

411 772 600 855 quod
641 773 812 835 mihi
850 794 995 835 non
1050 786 1286 832 amore
1327 768 1481 844 ejus
1530 768 1752 853 magis
1799 769 2079 859 facere,
2142 794 2347 856 quam
2399 791 2509 835 re·

407 873 717 935 verentia
771 869 1161 937 videbatur.
1240 866 1656 944 Miraberis,
1714 880 1783 928 et
1820 888 1954 954 ego
2006 872 2295 938 miratus
2330 892 2507 936 sum.

405 967 742 1034 Proximis
773 966 1360 1033 sacerdotalibus
1375 962 1608 1044 ludis,
1660 965 2077 1049 productis
2058 989 2133 1031 in
2184 969 2505 1037 commis-

407 1070 606 1135 sione
655 1065 1141 1152 pantomimis»,
1196 1086 1416 1177 qun-m
1450 1064 1665 1127 simul
1718 1068 1985 1128 theatro
2040 1086 2169 1153 ego
2204 1082 2271 1133 et
2322 1070 2503 1148 Qua·

413 1166 647 1231 drutus
695 1167 1203 1252 egrederemur
1232 1208 1252 1241 ,
1300 1162 1392 1225 ait
1442 1162 1655 1225 mihi:
1715 1162 1901 1243 Scis,
1946 1184 2059 1226 me
2100 1166 2314 1230 hodie
2355 1168 2509 1253 pri·

412 1284 610 1331 mum
640 1257 892 1331 vidisse
931 1260 1297 1329 saltantem
1333 1262 1521 1325 aviae
1557 1282 1753 1325 meae
1788 1262 2158 1326 libertum?
2191 1264 2341 1329 Hoc
2382 1288 2504 1331 ne·

411 1384 553 1451 pos.
612 1371 744 1441 At,
801 1363 1141 1441 hercule,
1194 1361 1603 1424 alienissimi
1651 1362 1971 1426 homines
2024 1360 2101 1423 in
2160 1363 2541 1429 honorem-

333 1452 383 1499 ·
415 1462 894 1541 Quadratillae
925 1461 1182 1547 (pudet
1219 1480 1330 1522 me
1368 1459 1619 1523 dixisse
1668 1462 2044 1544 honorem)
2094 1482 2221 1545 per
2265 1460 2509 1527 adula-

413 1560 624 1627 tionis
659 1562 1001 1640 officium,
1050 1562 1126 1625 in
1176 1560 1522 1625 theatrum
1566 1559 2012 1635 cursitabant,
2054 1559 2507 1639 exsultabant,

413 1660 881 1748 plaudebant,
933 1659 1417 1723 mirabantur:
1480 1678 1559 1721 ac
1598 1658 1861 1723 deinde
1908 1658 2221 1745 singulos
2272 1670 2503 1746 gestus

415 1758 742 1823 dominae
787 1778 951 1822 eum
987 1757 1278 1823 canticis
1329 1756 1758 1833 reddebant,
1812 1758 1933 1841 qui
1968 1780 2161 1821 nunc
2212 1756 2513 1841 exiguis·⁸

413 1856 588 1921 sima
619 1856 872 1941 legata,
921 1854 1276 1921 theatralis
1329 1876 1586 1941 operae
1626 1856 2119 1933 corollarium,
2156 1856 2507 1940 accipient

371 1992 377 2003 ·
421 1954 508 2019 ab
556 1954 864 2031 herede,
918 1954 1042 2035 qui
1093 1977 1234 2017 non
1287 1954 1664 2040 spectabat.
1768 1954 1999 2033 Haec,
2054 1954 2214 2037 quia
2249 1956 2435 2019 soles
2486 1998 2507 2031 ,

417 2054 476 2121 si
533 2050 708 2135 quid
767 2050 1020 2115 incidit
1085 2051 1283 2123 novi,
1333 2074 1482 2117 non
1534 2054 1789 2119 invitus
1850 2055 2135 2119 audire:
2192 2053 2508 2136 deinde,
2554 2042 2563 2051 ’

416 2153 586 2237 quia
619 2150 1018 2229 jucundum
1071 2163 1172 2215 est
1225 2148 1435 2227 mihi,
1488 2154 1683 2235 quod
1734 2154 2043 2237 ceperim
2102 2152 2435 2237 gaudium
2489 2193 2509 2225 ,

419 2248 795 2340 scribendo
853 2261 1251 2324 retractare.
1306 2247 1597 2313 Gaudeo
1650 2250 1839 2316 enim
1892 2238 2149 2334 pietate
2208 2248 2507 2314 defunc·

418 2362 570 2426 tae,
619 2349 889 2410 honore
932 2348 1182 2434 optimi
1219 2349 1537 2428 juvenis:
1589 2349 1813 2412 laetor
1864 2351 2107 2426 etiam,
2160 2348 2349 2432 quod
2387 2348 2511 2411 do·

417 2467 573 2514 mus
637 2445 1021 2530 aliquando
1071 2448 1150 2513 C.
1206 2445 1393 2512 cassi
1434 2443 1686 2528 huiu'S,
1735 2448 1859 2530 qui
1917 2445 2278 2512 Cassianae
2319 2448 2519 2511 scho-
