2850 4625
1318 282 1417 298 -
1571 246 1706 315 156
1854 276 1953 293 -

562 428 1035 515 pertinentes,
1086 441 1155 492 et
1214 428 1580 498 decretum
1623 428 2096 497 Prusensium.
2205 423 2554 491 Addebat
2589 428 2726 491 his

558 542 631 591 et
669 542 817 591 tuas
868 528 1105 593 literas
1144 532 1432 615 scriptas
1449 533 1622 597 sibi:
1677 528 1974 597 addebat
2029 538 2098 589 et
2123 522 2340 608 patris
2379 525 2500 586 tui
2535 528 2718 589 edi-

558 640 790 701 ctum,
843 640 912 691 et
968 628 1381 712 epistolam,
1459 633 1718 718 quibus
1793 628 2266 694 confirmasset
2317 622 2704 691 beneficia

556 748 593 789 a
628 722 1031 791 Domitiano
1066 728 1249 792 data.
1352 731 1640 815 ltaque,
1693 727 2004 816 quamvis
2047 722 2282 787 eidem
2323 722 2497 787 talia
2545 726 2698 788 eri-

558 825 751 888 mina
794 826 1367 921 adplicuerunt,
1416 833 1602 895 nihil
1643 824 2176 892 decernendum
2217 822 2504 905 putavi,
2551 826 2688 887 do-

558 946 697 991 nee
740 926 1185 990 consulerem
1232 929 1323 993 de
1362 952 1492 1006 eo,
1545 930 1740 1014 quod
1777 923 1948 987 mihi
1989 921 2504 987 constitutione
2555 938 2678 987 tua

486 1077 493 1085 .
556 1024 851 1113 dignum
882 1025 1275 1090 videbatur.
1376 1031 1510 1111 Ea,
1563 1048 1744 1113 quae
1795 1027 1932 1091 sint
1997 1022 2358 1103 utrimque
2421 1022 2676 1088 recita-

554 1140 665 1203 ta,
714 1126 821 1195 his
859 1124 1083 1189 literis
1134 1126 1440 1206 subjeci.

558 1284 1131 1387 131>1sToLA
1181 1310 1812 1381 nomm-mm
1883 1310 2028 1377 An
2097 1306 2676 1377 TERENTx-

1186 1434 1349 1500 nm
1424 1430 2012 1503 MAX1MUM.

751 1618 1071 1699 „Flavius
1108 1622 1506 1707 Archippus
1543 1618 1999 1703 philosophus
2031 1618 2426 1701 impetravit
2453 1642 2490 1680 a
2531 1642 2678 1699 me,

552 1730 675 1797 „ut
723 1739 967 1805 agrum
1021 1720 1087 1783 ei
1138 1719 1251 1783 DC
1318 1720 1503 1785 eirca
1565 1717 2013 1795 Prusiadem,
2065 1715 2364 1779 Patriam
2424 1739 2674 1795 suam,

553 1816 735 1897 „emi
788 1816 1139 1907 juberem,
1158 1821 1361 1897 cujus
1398 1816 1630 1881 reditu
1677 1838 1838 1881 suos
1863 1818 2051 1881 alere
2089 1826 2333 1900 posset.
2441 1817 2671 1891 Quod

550 1914 665 1995 „ei
724 1918 1051 1999 praestari
1114 1919 1313 1982 volo:
1384 1938 1727 1981 summam
1807 1936 2176 2008 expensam
2241 1910 2670 1979 liberalitati

554 2034 797 2103 „meae
838 2014 1091 2081 seres.“

618 2194 955 2266 EJUSD
986 2202 1139 2267 EM
1186 2199 1323 2264 AD
1370 2198 1453 2265 L.
1503 2153 1924 2281 Amnum
1968 2197 2574 2265 MAXIMUM.

760 2389 1237 2474 „Archippum
1307 2387 1844 2473 phiiosophum,
1919 2388 2186 2451 bonum
2233 2383 2533 2460 virum,
2585 2399 2657 2448 et

562 2487 1045 2570 „professione
1110 2507 1231 2562 sua
1319 2489 1526 2550 etiam
1613 2487 1992 2568 majoribus
2068 2483 2660 2568 respondentem,

566 2581 1177 2668 „commendatum
1218 2587 1472 2652 habeas
1509 2585 1744 2668 velim,
1795 2584 2235 2663 miMaxime‚
2271 2595 2338 2648 et
2371 2582 2660 2667 plenam
