2850 4625
1102 261 1279 352 --·-‘
1426 291 1568 368 166
1721 331 1815 350 --

410 489 582 558 mihi
616 487 829 552 moris
852 531 889 565 ,
926 484 1119 572 quod
1144 495 1295 551 su'm
1338 486 1634 551 'daturus
1670 485 1747 548 in
1785 505 2033 551 manus
2069 484 2442 555 hominuni
2472 534 2494 571 ,

410 603 572 658 ante
628 586 1015 652 amicorum
1070 583 1347 666 judicio
1385 583 1804 648 -examinare
1834 626 1853 660 ,
1923 583 2004 648 in
2051 585 2296 670 primia
2346 587 2497 653 tuo2¹

393 685 760 765 Proinde,
808 685 869 751 si
899 683 1182 771 quando
1206 727 1228 760 ‚
1276 701 1472 746 nune
1500 675 1796 746 intende
1835 679 2064 761 libro,
2088 705 2300 768 quem
2328 699 2501 752 ‘eum

406 787 541 852 hae
591 784 886 870 epistola
942 779 1280 868 accipiet:
1342 769 1542 866 quia
1561 799 1842 860 vereor,
1893 801 1989 850 ne
2023 782 2214 868 ipse,
2254 795 2330 848 ut
2377 783 2500 848 tri·

409 885 529 952 atis
550 929 575 964 ,
627 903 879 970 parum
936 877 1391 946 intenderim.
1441 877 1794 966 Imperare
1849 879 2044 944 enim
2095 880 2365 961 dolori,
2415 893 2499 946 ut

294 1028 299 1036 ·
410 981 797 1050 scriberem
826 1025 851 1063 ,
900 979 1140 1066 potui3
1191 990 1269 1043 ut
1324 1000 1542 1044 vacuo
1598 977 1832 1049 animo
1881 977 2213 1066 laetoque
2251 1023 2274 1060 ,
2341 1001 2494 1045 non

411 1079 636 1168 potui.
722 1077 988 1170 Porro,
1027 1089 1106 1143 ut
1140 1098 1225 1144 ex
1259 1075 1506 1144 studiis
1543 1075 1912 1167 gaudium,
1963 1077 2066 1146 sie
2103 1079 2342 1146 atudia
2382 1078 2491 1143 hi-

353 1251 361 1265 ,
412 1173 689 1257 latitate
768 1177 1217 1267 proveniunt.
1318 1175 1522 1248 Vale.

1382 2099 1572 2166 ΧΧ..

766 2237 1343 2306 C.”PL1N1US
1409 2239 1764 2306 GALLO
1835 2236 2049 2306 SUO
2103 2235 2170 2305 S.

212 2380 221 2389 ‘
322 2384 327 2387 ·
424 2368 705 2428 MZranda
737 2376 895 2429 lacus
938 2370 1284 2429 Vadimonis
1311 2382 1570 2435 enarrat.

618 2492 729 2555 Ad
794 2514 977 2577 quae
1031 2495 1383 2560 noscenda
1449 2494 1584 2558 iter
1631 2490 1913 2578 ingredi
1950 2536 1971 2571 ,
2036 2490 2506 2558 transmittere

204 2606 207 2611 ·
308 2642 333 2663 .,
422 2594 617 2654 mare
668 2588 1012 2671 solemus',
1046 2613 1125 2657 ea
1164 2592 1293 2659 sub
1334 2592 1560 2659 oculis
1593 2591 1814 2677 posita
1851 2588 2319 2680 negligimus·
2382 2612 2508 2657 seu

426 2688 591 2774 quia
621 2689 713 2755 ita
752 2702 998 2756 natura
1038 2704 1550 2776 comparatum,
1581 2702 1662 2754 ut
1707 2691 2188 2775 proximorum
2238 2688 2507 2755 incuri-

422 2788 567 2868 osi,
616 2787 1009 2877 longinqua
1056 2802 1448 2879 sectemur-3
1489 2811 1612 2857 seu
1661 2788 1855 2872 quod
1911 2787 2230 2852 omnium
2259 2810 2502 2854 rerum

424 2886 689 2972 cupido
746 2887 1183 2978 languescit,
1260 2910 1482 2974 quum
1532 2884 1762 2955 facilis
1818 2907 2092 2951 occasto
2145 2900 2246 2951 est
2284 2929 2305 2964 ,
2369 2908 2502 2956 seu

424 2986 619 3071 quod
684 2985 1119 3069 differimuS,
1182 3000 1537 3073 tamquam
1573 2982 1780 3071 saepe
1829 2985 2085 3063 visuri,
2137 2982 2332 3067 quod
2383 2982 2509 3051 da-

386 3098 537 3157 ,tur
584 3084 821 3149 videre
854 3130 875 3165 ,
927 3087 1203 3171 quoties
1252 3087 1427 3152 velis
1477 3104 1795 3150 cernere.
1893 3082 2356 3165 Quacumque
2406 3083 2500 3148 de

422 3202 663 3260 eausa,
712 3186 1063 3266 permulta
1110 3185 1189 3257 in
1239 3182 1416 3249 urbe
1471 3196 1741 3259 nostra,
1797 3182 2130 3263 juxtaque
2180 3179 2432 3245 urbem
2475 3223 2503 3256 ,

418 3302 566 3346 non
618 3280 841 3346 oeulis
874 3283 1123 3361 modo,
1168 3284 1298 3373 ped
1330 3301 1420 3345 ne
1465 3280 1746 3348 auribus
1783 3277 2074 3364 quidem
2125 3279 2440 3344 novimus
2480 3306 2500 3342 ε

420 3398 626 3464 quae,
674 3376 733 3443 si
782 3377 1054 3445 tulisset
1088 3380 1375 3457 Achaia,
1406 3382 1792 3469 Aegyptus,
1812 3375 1998 3455 Asia,
2051 3376 2266 3443 aliave
2291 3400 2504 3462 quae-

412 3476 593 3541 libet
662 3474 1166 3545 miraculorum
1228 3478 1423 3543 ferax
1495 3474 2188 3561 commendatrixque
2257 3489 2437 3542 terra
2477 3522 2498 3557 ,

422 3575 696 3657 audita,
744 3577 1093 3667 perlecta,
1138 3576 1422 3643 lustrata
1467 3576 1905 3643 haberemus.
1959 3575 2117 3663 lpse
2163 3588 2351 3641 certe
2377 3596 2508 3641 uu·
