2850 4625
1188 295 1288 317 ...-
1441 271 1574 349 17⁴
1725 299 1821 314 ..-

450 462 767 548 guez-et,
786 449 1015 538 quod
1034 445 1494 537 recitaturum,
1535 465 1960 531 quamquam
2013 459 2083 512 et
2131 447 2414 530 amicis,
2467 463 2538 524 et
2635 467 2648 486 ⁴

448 551 717 642 paucis,
746 549 943 615 idem'
982 546 1269 610 interim
1308 546 1550 611 amicis
1599 545 1756 608 foro
1781 557 1850 606 et
1889 545 2194 634 negotiis
2227 569 2374 612 non
2417 547 2536 616 ab·

449 650 873 752 minuissem.
920 641 1243 722 Addidi.
1267 645 1459 712 hunc
1503 642 1825 708 ordinem
1856 664 1970 708 me
2005 657 2074 710 et
2109 644 2186 710 in
2217 648 2532 714 scriben-

450 749 544 814 do
593 747 842 834 sequi,
875 759 955 810 ut
1004 740 1448 812 necessitates
1500 739 2012 828 voluptatibus,
2048 743 2227 808 seria
2279 750 2534 826 jucun·
2613 736 2630 756 ’

451 846 561 910 dis
612 845 1087 924 anteferrem,
1138 861 1215 906 ac
1266 839 1577 926 primum
1627 837 1909 920 amiciS,
1960 857 2109 904 tum
2155 832 2328 908 mihi
2363 845 2532 912 scri·

447 946 718 1032 berem.
766 941 978 1006 Lib'er
1026 939 1163 1004 fuit
1216 953 1282 1002 et
1342 937 1698 1024 opusculis
1743 937 1970 1004 varius
2006 955 2072 1003 et
2125 942 2534 1010 metris.1ta

452 1042 757 1122 solemus
779 1085 800 1120 ,
856 1037 981 1125 qui
1014 1034 1302 1122 ingenio
1342 1054 1590 1122 parum
1624 1037 1946 1117 fidimus,
1982 1040 2310 1108 satietatis
2348 1044 2535 1132 peri-

454 1143 695 1206 culum
744 1141 1017 1228 fugere.
1084 1133 1396 1201 Recitavi
1443 1133 1710 1200 biduo:
1759 1137 1894 1200 hoc
1960 1135 2294 1208 adsen'sus
2339 1137 2552 1208 audi·‘

366 1323 369 1328 ,
455 1241 725 1304 entium
775 1233 1004 1326 exegit
1036 1255 1057 1294 ε
1110 1245 1183 1298 et
1226 1245 1463 1300 tamen
1493 1248 1577 1299 ut
1625 1235 1748 1300 alii
1793 1247 2156 1302 transeunt
2192 1243 2536 1323 quaedam

450 1341 982 1425 imputantque,
1034 1333 1225 1418 qu'od
1255 1345 1646 1411 transeant3
1694 1333 1794 1398 sic
1815 1355 1946 1423 ego
1997 1334 2180 1398 nihil
2225 1353 2535 1424 praeter.

456 1459 541 1504 eo
581 1482 602 1515 ,
670 1450 877 1520 atque
960 1431 1168 1497 etiam
1218 1453 1360 1495 non
1410 1429 1796 1519 praeterire
1847 1453 1959 1495 me
2009 1445 2246 1498 testor.
2343 1436 2534 1528 Lego

454 1536 645 1602 enim
690 1533 960 1610 omnia,
1012 1546 1092 1596 ut
1124 1532 1359 1600 omnia
1410 1529 1801 1596 emendem.
1861 1530 2069 1606 Quod
2120 1531 2533 1624 contingere

452 1657 599 1699 non
622 1643 873 1715 potest
910 1630 1135 1694 electa
1174 1627 1656 1694 recitantibus.
1725 1633 1820 1692 At
1869 1628 2056 1693 illud
2093 1631 2476 1701 modestius
2507 1681 2530 1714 ,

455 1748 527 1797 et
574 1731 861 1794 fortasse
909 1727 1367 1791 reverentius.
1418 1726 1556 1791 Sed
1589 1728 1722 1790 hoc
1749 1727 2134 1818 simplicius
2181 1740 2249 1793 et
2299 1753 2534 1797 aman-

454 1831 617 1893 tius.
654 1827 909 1890 Amat
947 1826 1135 1888 enim
1156 1825 1341 1909 ‚qui
1390 1845 1465 1889 se
1509 1826 1609 1890 sic
1649 1826 1862 1890 amati
1909 1839 2150 1916 putat,
2194 1840 2269 1891 ut
2311 1830 2530 1894 taedi-

457 1946 581 1992 um
618 1925 763 1989 non'
790 1921 1257 2014 pertimescat.
1358 1922 1654 2007 Alioqui
1706 1924 1880 2009 quid
1932 1939 2282 2013 praestant
2328 1928 2528 1992 noda-

456 2025 599 2103 les»,
650 2021 711 2088 si
758 2017 1183 2086 conveniunt
1232 2019 1603 2106 voluptatis
1661 2041 1825 2088 suae
1877 2031 2128 2090 causa?
2176 2023 2529 2092 Delicatus

452 2137 541 2188 'ac
580 2119 824 2188 similis
862 2117 1100 2208 ignoto
1148 2126 1289 2203 est,
1338 2121 1464 2203 qui
1515 2119 1721 2186 amici
1768 2121 2032 2190 librum
2071 2121 2342 2188 bonum
2385 2143 2528 2188 ma·
