2850 4625
1177 202 1281 221 -
1429 163 1570 233 1⁶6
1713 200 1814 217 —·-

1384 346 1636 413 Lxlx.

728 492 805 556 C.
854 488 1307 557 PLINIUS
1360 487 1888 555 TRAJANO
1936 486 2170 555 lMP.
2219 485 2292 557 S.

466 628 701 683 Rursus
732 626 805 678 de
840 626 969 678 laen
1000 623 1518 677 Nicomedensium
1547 640 1684 676 eunt
1719 590 2320 688 mari—omittendo
2344 620 2604 697 inibit,

536 738 641 775 sen
670 718 981 789 respondet
1014 718 1099 771 d
1125 718 1297 790 epist.
1334 717 1448 771 LI.

670 836 785 899 Tu
842 835 1139 917 quidem
1162 877 1185 911 ,
1238 835 1574 914 Domine,
1625 835 2239 919 providentissime
2285 838 2588 916 veterib,

468 958 563 1000 ne
598 936 1007 999 commissus
1040 932 1358 1011 flumini,
1410 946 1619 1017 atque
1662 935 2000 1026 itamari,
2051 937 2244 999 lacus
2287 935 2592 1000 effluat:

470 1034 597 1101 sed
652 1054 783 1121 ego
828 1032 923 1093 in'
956 1050 1031 1093 re
1068 1032 1419 1111 praesenti
1475 1031 1823 1098 invenisse
1897 1034 2182 1111 videor,
2233 1034 2594 1117 quemad·

472 1133 765 1199 modum
798 1130 967 1192 huic
1002 1128 1328 1211 periculo
1374 1150 1846 1195 occurrerem.
1947 1128 2182 1195 Potest
2249 1134 2444 1194 enim
2487 1134 2602 1195 la-

476 1252 601 1295 cus
642 1230 823 1292 fossa
868 1246 1091 1308 usque
1128 1225 1217 1288 ad
1266 1226 1534 1289 flumen
1571 1223 1878 1305 adduci,
1919 1250 2054 1293 nec
2085 1244 2318 1292 tamen
2355 1230 2433 1293 in
2451 1230 2592 1293 flu-

474 1348 647 1393 men
678 1322 939 1401 emitti,
990 1326 1115 1388 sed
1148 1324 1399 1388 relicto
1445 1324 1644 1407 quasi
1685 1326 2004 1415 margine
2053 1326 2409 1390 contineri
2459 1350 2596 1412 pa·

478 1428 657 1491 riter
690 1438 759 1486 et
792 1422 1055 1485 dirimi.
1162 1422 1275 1485 Sic
1311 1442 1866 1506 consequemur,
1915 1438 1996 1486 ut
2029 1446 2166 1488 nec
2201 1424 2438 1488 vicino
2483 1426 2588 1489 vi-

482 1526 733 1590 deatur
776 1518 1053 1582 flumini
1094 1522 1378 1598 mistus,
1431 1536 1501 1588 et
1537 1520 1624 1585 sit
1663 1522 1963 1605 perinde
2017 1542 2096 1585 ac
2159 1523 2220 1588 ti
2291 1524 2594 1588 miscea-

486 1638 627 1707 tur.
728 1619 877 1681 Erit
920 1616 1113 1680 enim
1166 1618 1415 1697 facile,
1465 1641 1598 1703 per
1647 1619 1848 1683 illam
1916 1619 2392 1685 brevissimam
2443 1634 2594 1684 ter-

484 1740 675 1795 ram,
726 1738 907 1801 quae
958 1715 1444 1795 interjacebit,
1497 1704 1781 1783 advecta
1832 1716 2022 1782 fossa
2075 1738 2288 1784 onera
2369 1734 2601 1785 trans-

490 1836 761 1907 ponere
778 1816 857 1877 in
888 1814 1177 1878 flumen.
1282 1816 1490 1893 Quod
1525 1816 1616 1881 ita
1649 1818 1793 1895 fiet,
1845 1815 1904 1903 si
1943 1817 2316 1881 necessitas
2349 1830 2584 1901 coget3

400 1945 413 1957 ·
496 1927 605 1992 et,
658 1932 906 1997 spero,
956 1932 1103 1975 non
1136 1928 1359 2001 coget.
1463 1914 1580 1977 Est
1611 1914 1802 1979 enim
1857 1928 1926 1979 et
1966 1916 2166 1979 lacus
2223 1914 2366 1998 ipse
2421 1912 2588 1977 satis

496 2010 677 2081 altus
702 2055 723 2087 ,
775 2024 845 2075 et
894 2031 1086 2079 nunc
1121 2011 1197 2073 in
1236 2015 1656 2077 contrariam
1695 2027 1966 2097 partem
2002 2012 2264 2077 flumen
2311 2012 2589 2090 emittit,·

500 2110 695 2195 quod
724 2109 1189 2172 interclusum
1216 2108 1425 2185 inde,
1479 2124 1550 2173 et
1583 2132 1724 2195 quo
1777 2111 2134 2187 volumuS,
2187 2110 2588 2189 adversum,

370 2278 375 2285 ,
496 2210 652 2274 sine
693 2207 845 2269 ullo
882 2204 1344 2285 detrimento,
1395 2207 1586 2272 lacui
1621 2223 1890 2272 tantum
1937 2226 2198 2293 aquae,
2251 2219 2588 2292 quantum

500 2327 697 2371 nunc
736 2321 1001 2390 portat,
1056 2306 1422 2370 adfundet.
1525 2302 1890 2370 Praeterea
1935 2327 2066 2390 per
2113 2306 2188 2374 id
2255 2307 2590 2392 spatium,

509 2425 642 2491 per
692 2405 885 2487 quod
920 2405 1101 2469 fossa
1144 2405 1470 2470 facienda
1523 2417 1664 2484 est,
1735 2405 2062 2470 incidunt
2126 2405 2290 2469 rivi:
2341 2406 2466 2490 qui
2535 2406 2589 2470 si

512 2501 894 2592 diligenter
926 2503 1396 2593 colligantur,
1470 2503 1830 2592 augebunt
1876 2503 2107 2584 illud,
2171 2505 2364 2588 quod
2405 2504 2589 2570 lacus
