2850 4625
1189 348 1286 365 --
1444 311 1585 378 162
1738 348 1833 363 --

465 512 590 563 rat.
633 494 772 558 Sed
808 497 981 561 haec
1019 518 1306 581 quoque
1339 496 1691 562 hereditas
1722 494 1924 588 Afri,
1954 508 2031 560 ut
2062 494 2391 591 reliqua
2384 522 2551 568 cum

462 596 678 657 fratre
723 596 1066 678 quaesita,
1125 595 1655 660 transmittenda
1718 609 1916 661 erant
1966 595 2153 663 filiae
2190 596 2467 664 fratria*
2506 623 2545 664 a

461 714 619 777 quo
640 689 899 759 Tullus
933 716 1016 759 ex
1047 710 1192 761 asse
1227 694 1433 757 heres
1466 690 1845 771 institutus,
1894 694 2383 781 praelatusque
2416 697 2551 761 fili-

459 812 543 857 ae
594 789 877 871 fuerat,
927 804 1004 855 ut
1055 786 1576 856 conciliaretur.
1678 789 1835 867 Quo
1870 790 2295 858 laudabilius
2340 808 2546 860 testa·

453 902 774 955 mentum
835 902 974 970 est,
1039 889 1234 973 quod
1268 888 1547 974 pietaS„
1576 886 1789 967 fides,
1839 888 2072 973 pudor
2122 892 2427 977 σοι-ἱρείη
2468 895 2545 959 in

455 1010 600 1075 quo
639 985 951 1071 denique
1001 980 1327 1051 omnibus
1361 986 1871 1074 adfinitatibuS,
1906 1008 2037 1073 pro
2074 992 2415 1075 cujusque
2436 992 2549 1056 oi..

451 1085 658 1165 ficio,
729 1084 944 1173 gratia
993 1084 1209 1151 relata
1285 1098 1440 1148 est·
1506 1083 1723 1151 relata
1786 1097 1853 1147 ot
1918 1086 2145 1149 uxori.
2246 1090 2542 1177 Accepit

455 1184 972 1263 amoenissimas
1037 1170 1285 1260 villas,
1339 1181 1611 1267 accepit
1662 1202 1982 1269 magnam
2032 1187 2409 1267 pecuniam
2464 1210 2545 1251 u·
2658 1224 2673 1247 ι

447 1306 575 1350 xor
625 1283 886 1367 optima
924 1296 992 1347 et
1038 1280 1541 1366 patientissima
1576 1328 1602 1368 ‚
1659 1302 1739 1343 ac
1777 1293 1999 1345 tanto
2016 1282 2267 1346 melius
2303 1285 2393 1349 de
2432 1284 2541 1351 vi-

451 1400 532 1447 ro
583 1380 855 1460 merita,
909 1393 1169 1463 quanto
1221 1375 1438 1466 magis
1477 1390 1577 1443 est
1625 1379 2073 1465 reprehensa,
2118 1380 2310 1465 quod
2360 1406 2540 1470 nup-

447 1482 562 1547 sit.
611 1476 788 1545 Nam
823 1478 1084 1542 mulier
1116 1475 1467 1543 natalibus
1506 1476 1727 1555 clara,
1762 1476 2085 1542 moribus
2116 1480 2374 1561 proba,
2422 1502 2537 1545 ae-

447 1590 589 1643 tate
641 1575 977 1667 declivis»,
1029 1574 1152 1638 diu
1201 1576 1449 1654 vidua,
1478 1586 1698 1638 mater
1734 1575 1941 1654 olim,
1992 1596 2239 1661 parum
2275 1578 2533 1643 decore

447 1687 678 1743 secuta
709 1673 1234 1739 matrimonium
1285 1672 1908 1739 videbatui-divitis
1958 1674 2179 1752 senis,
2230 1674 2323 1739 ita
2375 1684 2534 1762 p‘er-

445 1773 580 1839 diti
625 1772 911 1850 morbo,
958 1784 1036 1835 ut
1074 1792 1220 1837 esse
1259 1770 1493 1837 taedio
1528 1784 1763 1858 posset
1812 1772 2044 1852 uxori,
2092 1796 2297 1859 quam
2332 1776 2521 1855 juve·

385 1870 392 1881 '
443 1872 558 1938 nis
589 1889 938 1955 sanusque
967 1869 1292 1936 duxisset.
1347 1870 1629 1957 Quippe
1682 1871 2007 1935 omnibus
2048 1870 2376 1937 membris
2416 1896 2527 1939 ex—

439 1982 666 2037 tortus
717 1984 785 2035 et
837 1968 1098 2034 fractus
1156 1982 1376 2033 tantas
1415 1986 1583 2055 opes
1632 1967 1795 2033 solis
1848 1968 2075 2034 oculis
2126 1970 2397 2035 obibat.
2446 1994 2525 2038 ac

440 2090 536 2135 ne
587 2068 667 2133 in
709 2066 980 2133 lectulo
1041 2067 1372 2152 quidem,
1442 2066 1578 2133 nisi
1642 2064 1729 2131 ab
1782 2066 1937 2132 aliis
1976 2114 1993 2147 ,
2088 2070 2515 2135 movebatur.

440 2166 634 2249 Quin
691 2165 898 2231 etiam
956 2163 1280 2249 (foedum
1333 2164 1951 2252 miserandumque
2002 2164 2227 2250 dictu)
2280 2170 2518 2233 dentes

434 2266 766 2333 lavandos
799 2262 1300 2349 fricandosque
1341 2260 1747 2349 praebebat.
1799 2264 2139 2329 Auditum
2191 2264 2526 2352 frequen..

433 2378 546 2430 ter
580 2385 662 2434 ex
692 2362 870 2454 illo,
908 2385 1126 2450 quum
1177 2375 1591 2447 quereretur
1627 2363 1715 2427 de
1768 2351 2215 2428 contumeliis
2266 2365 2521 2430 debili-

433 2464 592 2528 tatis
623 2482 832 2541 suae,
875 2463 1130 2550 digitos
1180 2483 1253 2526 se
1289 2482 1645 2527 servorum
1690 2459 1978 2526 suorum
2030 2463 2349 2547 'quotidie
2383 2464 2517 2528 lin·
2556 2469 2565 2478 ‘

431 2581 624 2650 gere.
677 2559 972 2628 Vivebat
1003 2575 1276 2640 tamen,
1328 2561 1559 2626 vivere
1591 2559 1887 2638 volebat,
1923 2569 2351 2630 sustentante
2378 2583 2520 2628 ma—

419 2655 614 2726 'xime
662 2675 916 2744 uxore,
951 2673 1023 2725 et
1061 2681 1242 2748 quae
1281 2658 1903 2755 culpam‘inehoati
1952 2659 2381 2726 matrimonii
2440 2661 2515 2724 in
