2850 4625
1059 289 1156 302 --
1321 251 1457 320 116
1610 259 1757 304 -“

783 499 794 508 ,
1271 435 1519 504 ΧιιΧ.

831 579 1407 650 TRAJANUS
1460 581 1847 648 PLtho
1900 547 1970 650 ὲ.

525 727 715 809 Quid
771 741 1090 813 oporteat
1159 711 1314 790 {ieri
1364 727 1551 791 circa
1619 731 2011 808 theatrum,
2062 735 2259 818 quod
2327 737 2428 802 in.

337 837 660 901 choatum
709 829 899 914 apud
937 826 1271 892 Nicenses
1323 839 1469 903 est,
1520 827 1596 890 in
1646 848 1725 892 re
1754 829 2113 912 praesenti
2164 836 2423 918 optime

334 925 762 998 deliberabis
787 940 856 991 et
897 927 1321 1022 constitues:
1373 924 1547 1020 mibi
1582 925 1887 992 sufficiet
1934 927 2257 1012 indicari,
2308 937 2431 998 eui

331 1027 722 1098 tententiae
775 1024 1178 1097 accesseris.
1275 1024 1486 1088 Tunc
1534 1039 1771 1088 autem
1826 1047 1864 1090 a
1917 1027 2195 1110 privatis
2246 1033 2436 1120 exigi

339 1151 552 1216 opera
585 1124 716 1191 tibi
769 1144 978 1190 curae
1023 1125 1146 1202 sit,
1197 1145 1420 1209 quum
1470 1125 1856 1199 theatrum,
1909 1141 2199 1209 propter
2236 1129 2433 1214 quod

341 1221 470 1293 illa
509 1225 846 1311 promissa
911 1236 1110 1302 sunt,
1165 1221 1431 1300 factum
1498 1223 1654 1285 erit.
1758 1223 2149 1306 Gymnasiis
2200 1229 2435 1292 indul.

235 1355 244 1372 ·
339 1341 506 1418 gent
555 1323 928 1399 Graeculi·;
981 1320 1144 1388 ideo
1197 1320 1493 1384 forsitan
1530 1319 1865 1386 Nicenses
1894 1327 2159 1404 major-'e
2200 1326 2433 1392 animo

339 1423 940 1492 constructionem
991 1424 1139 1500 ejus
1191 1419 1497 1508 adgressi
1536 1435 1736 1498 sunt,
1786 1420 1907 1484 sed
1958 1435 2234 1506 oportet
2272 1425 2436 1492 illos

343 1547 428 1590 eo
473 1535 837 1589 contentos
887 1539 1062 1600 esse,
1105 1519 1299 1602 quod
1341 1519 1556 1602 possit
1596 1519 1741 1584 illis
1790 1517 2141 1584 sufficere.
2244 1523 2435 1602 Quid

209 1635 230 1652 ⁰
339 1609 971 1708 Claudiopolitanis
1026 1617 1210 1681 cirea
1262 1617 1668 1696 balineum,
1720 1615 1911 1704 quod
1994 1637 2283 1702 parum,
2355 1634 2437 1686 ut

333 1722 622 1799 scribis,
673 1703 934 1782 idoneo
985 1716 1148 1782 loeo
1192 1710 1743 1802 inchoaverunt,
1790 1715 2233 1782 suadendum
2292 1719 2421 1798 sit,

335 1833 416 1884 tu
471 1817 874 1884 constitues.
975 1814 1364 1894 Architecti
1415 1815 1547 1878 tibi
1610 1816 1856 1880 deesse
1922 1837 2066 1878 uon
2120 1830 2429 1900 possunt.

337 1915 554 1984 Nulla
606 1911 966 2001 provincia
1003 1929 1146 2004 est,
1198 1933 1379 1996 quae
1415 1935 1561 1976 non
1603 1912 1866 1996 peritos
1918 1926 1985 1977 et
2036 1912 2422 2002 ingeniosos

343 2017 669 2082 homines
719 2011 1010 2077 habeat:
1059 2011 1270 2076 modo
1328 2032 1420 2074 ne
1476 2011 1863 2090 existimes,
1916 2011 2191 2077 brevius
2244 2032 2428 2094 esse,

349 2117 443 2182 ab
489 2114 665 2180 urbe
723 2109 946 2185 mitti,
998 2131 1216 2197 quum
1267 2130 1349 2174 ex
1401 2109 1689 2176 Graecia
1736 2110 1967 2176 'etiam
2016 2109 2101 2176 ad
2144 2131 2269 2178 nos
2328 2131 2440 2175 ve·

347 2214 504 2278 nire
553 2209 744 2277 soliti
787 2218 972 2275 sunt.
