2850 4625
1168 251 1269 270 --
1420 180 1560 288 20⁸6
1709 250 1810 271 --

452 403 749 477 fluenti,
800 402 945 467 dixi
992 402 1282 487 utrique
1336 406 1557 490 parti,
1607 420 1684 469 ut
1771 403 2328 490 postulationum
2393 426 2566 473 sua·

450 530 615 574 rum
688 503 973 567 libellos
1024 505 1293 567 darent.
1396 503 1741 567 Volebam
1813 504 2044 576 enim,
2091 518 2162 565 te
2229 506 2558 591 ipsorum.

450 605 893 693 potissimum
946 601 1169 667 verbis
1206 624 1325 681 ea,
1378 624 1560 687 quae
1645 616 1844 666 erant
1909 602 2300 687 proposita,
2387 628 2554 693 eog-

449 724 771 769 noscere.
870 700 959 765 Et
996 702 1173 764 Dion
1228 704 1522 788 quidem
1551 724 1626 765 se
1681 703 2010 767 daturum
2029 702 2242 764 dixit:
2299 700 2552 767 et'Eu·

448 804 739 888 molpus
813 801 1219 883 respondit.
1288 800 1824 883 complexurum
1871 823 1946 863 se
2017 797 2315 877 libell-o,
2371 823 2554 888 quae

448 896 917 987 Reipublicae
986 914 1284 985 peteret.
1386 898 1760 977 Ceterum,
1812 899 2006 983 quod
2109 900 2196 961 ad
2237 903 2562 984 sepultos

448 1002 797 1087 pertinet,
847 1020 990 1061 non
1044 1000 1532 1070 adcusatorem
1581 1020 1698 1069 se.
1747 1000 1872 1063 sed
1926 999 2334 1071 advocatum
2400 1000 2562 1063 Fla·

442 1100 545 1165 vii
585 1095 957 1181 Archippi,
1008 1094 1211 1179 cujus
1234 1098 1556 1160 mandata
1597 1096 2019 1183 pertulisset.
2125 1098 2566 1183 Archippus,

352 1245 359 1259 .
440 1198 570 1265 -eui
626 1196 1051 1279 Eumolpus,
1102 1196 1283 1260 sicut
1334 1194 1629 1268 Prusae,
1701 1195 2110 1266 adsistebat,
2181 1196 2394 1277 dixit,
2481 1218 2564 1261 se

440 1297 779 1362 fibellum
836 1294 1187 1357 daturum.
1290 1294 1384 1357 lta
1437 1313 1574 1355 nec
1609 1294 2021 1379 Eumolpus,
2073 1314 2206 1358 nce
2257 1294 2566 1380 Archip-

448 1418 583 1480 pus
614 1434 627 1453 .
678 1412 889 1477 quam
936 1393 1266 1475 plurimis
1316 1390 1570 1455 diebus
1643 1394 2026 1477 expectati,
2098 1394 2326 1459 adhuc
2381 1393 2566 1460 mihi

446 1492 735 1559 libellos
768 1490 1117 1553 dederunt
1138 1516 1161 1569 3
1212 1492 1397 1555 Dion
1433 1488 1632 1553 dedit
1661 1534 1682 1567 ,
1733 1512 1950 1574 quem
1989 1492 2158 1554 huic
2216 1494 2565 1577 epistolae

438 1592 677 1673 iunxi.
706 1592 887 1673 ‘Ipse
936 1590 1017 1653 in
1048 1610 1125 1653 re
1144 1590 1494 1675 praesenti
1513 1588 1646 1668 fui,
1677 1602 1746 1653 et
1775 1590 1918 1652 vidi
1941 1608 2232 1672 quoque
2255 1606 2560 1659 statuam

356 1734 364 1739 -
452 1692 529 1753 in
560 1688 989 1753 bibliotheca
1038 1691 1358 1773 positam.
1459 1685 1538 1749 Id
1589 1701 1860 1765 autem,
1911 1689 1984 1749 in
2023 1710 2168 1771 quo
2221 1690 2558 1757 dicuntur
2611 1709 2626 1721 ’

452 1788 716 1873 sepulti
769 1787 953 1851 filius
1007 1802 1077 1850 et
1126 1812 1299 1853 uxor
1374 1786 1658 1865 Dionis,
1725 1785 1804 1850 iu
1855 1806 2018 1853 area
2101 1790 2558 1873 collocatum,

441 1910 639 1974 quae
708 1882 1093 1972 porticibus
1134 1889 1550 1953 includitur.
1653 1886 1818 1957 Te,-
1855 1884 2172 1967 Domine,
2199 1908 2410 1975 rogo,
2465 1906 2551 1955 ut

454 2007 571 2052 me
630 1989 708 2053 in
735 1987 877 2049 hoc
916 1986 1295 2073 praecipue
1320 2006 1582 2076 genere
1637 1985 2058 2072 cognitionis
2109 2007 2354 2075 regere
2391 1988 2544 2074 dig.

452 2084 688 2164 neris,
742 2106 963 2168 quum
1016 2082 1284 2171 alioqui
1324 2106 1576 2171 magua
1611 2084 1696 2145 sit
1735 2084 2180 2168 exspectati0‚
2201 2099 2278 2149 ut
2311 2106 2554 2153 neces·

458 2207 536 2251 se
603 2186 687 2248 sit
737 2186 817 2247 in
872 2205 950 2247 ea
1028 2202 1146 2261 re,
1200 2206 1381 2268 quae
1437 2180 1503 2244 et
1595 2180 1672 2243 in
1727 2184 2125 2246 confessum
2207 2185 2434 2266 venit',
2485 2198 2554 2251 et

450 2279 803 2370 «exemplis
840 2280 1294 2356 defenditur.
1348 2281 1770 2346 deliberare.
